@article{glascher2010states,
  title={States versus rewards: dissociable neural prediction error signals underlying model-based and model-free reinforcement learning},
  author={Gl{\"a}scher, Jan and Daw, Nathaniel and Dayan, Peter and O'Doherty, John P},
  journal={Neuron},
  volume={66},
  number={4},
  pages={585--595},
  year={2010},
  publisher={Elsevier}
}


@book{sutton1998introduction,
  title={Introduction to reinforcement learning},
  author={Sutton, Richard S and Barto, Andrew G},
  volume={135},
  year={1998},
  publisher={MIT press Cambridge}
}

@article{bucci1998removal,
  title={Removal of cholinergic input to rat posterior parietal cortex disrupts incremental processing of conditioned stimuli},
  author={Bucci, David J and Holland, Peter C and Gallagher, Michela},
  journal={Journal of Neuroscience},
  volume={18},
  number={19},
  pages={8038--8046},
  year={1998},
  publisher={Soc Neuroscience}
}

@article{akaike1974new,
  title={A new look at the statistical model identification},
  author={Akaike, Hirotugu},
  journal={IEEE transactions on automatic control},
  volume={19},
  number={6},
  pages={716--723},
  year={1974},
  publisher={Ieee}
}

@article{hurvich1989regression,
  title={Regression and time series model selection in small samples},
  author={Hurvich, Clifford M and Tsai, Chih-Ling},
  journal={Biometrika},
  volume={76},
  number={2},
  pages={297--307},
  year={1989},
  publisher={Oxford University Press}
}

@article{bellman1957markovian,
  title={A Markovian decision process},
  author={Bellman, Richard},
  journal={Journal of Mathematics and Mechanics},
  pages={679--684},
  year={1957},
  publisher={JSTOR}
}

@Misc{Scipy,
  author =    {Eric Jones and Travis Oliphant and Pearu Peterson and others},
  title =     {{SciPy}: Open source scientific tools for {Python}},
  year =      {2001--},
  url = "http://www.scipy.org/",
  note = {[Online; accessed <today>]}
}

@article{thorndike1927law,
  title={The law of effect},
  author={Thorndike, Edward L},
  journal={The American Journal of Psychology},
  volume={39},
  number={1/4},
  pages={212--222},
  year={1927},
  publisher={JSTOR}
}

@article{mnih2015human,
  title={Human-level control through deep reinforcement learning},
  author={Mnih, Volodymyr and Kavukcuoglu, Koray and Silver, David and Rusu, Andrei A and Veness, Joel and Bellemare, Marc G and Graves, Alex and Riedmiller, Martin and Fidjeland, Andreas K and Ostrovski, Georg and others},
  journal={Nature},
  volume={518},
  number={7540},
  pages={529},
  year={2015},
  publisher={Nature Publishing Group}
}

@article{dayan2002reward,
  title={Reward, motivation, and reinforcement learning},
  author={Dayan, Peter and Balleine, Bernard W},
  journal={Neuron},
  volume={36},
  number={2},
  pages={285--298},
  year={2002},
  publisher={Elsevier}
}

@article{bayer2005midbrain,
  title={Midbrain dopamine neurons encode a quantitative reward prediction error signal},
  author={Bayer, Hannah M and Glimcher, Paul W},
  journal={Neuron},
  volume={47},
  number={1},
  pages={129--141},
  year={2005},
  publisher={Elsevier}
}

@article{hollerman1998dopamine,
  title={Dopamine neurons report an error in the temporal prediction of reward during learning},
  author={Hollerman, Jeffrey R and Schultz, Wolfram},
  journal={Nature neuroscience},
  volume={1},
  number={4},
  pages={304},
  year={1998},
  publisher={Nature Publishing Group}
}

@article{waelti2001dopamine,
  title={Dopamine responses comply with basic assumptions of formal learning theory},
  author={Waelti, Pascale and Dickinson, Anthony and Schultz, Wolfram},
  journal={Nature},
  volume={412},
  number={6842},
  pages={43},
  year={2001},
  publisher={Nature Publishing Group}
}

@article{garrison2013prediction,
  title={Prediction error in reinforcement learning: a meta-analysis of neuroimaging studies},
  author={Garrison, Jane and Erdeniz, Burak and Done, John},
  journal={Neuroscience \& Biobehavioral Reviews},
  volume={37},
  number={7},
  pages={1297--1310},
  year={2013},
  publisher={Elsevier}
}

@article{kishida2016subsecond,
  title={Subsecond dopamine fluctuations in human striatum encode superposed error signals about actual and counterfactual reward},
  author={Kishida, Kenneth T and Saez, Ignacio and Lohrenz, Terry and Witcher, Mark R and Laxton, Adrian W and Tatter, Stephen B and White, Jason P and Ellis, Thomas L and Phillips, Paul EM and Montague, P Read},
  journal={Proceedings of the National Academy of Sciences},
  volume={113},
  number={1},
  pages={200--205},
  year={2016},
  publisher={National Acad Sciences}
}

@article{daw2014algorithmic,
  title={The algorithmic anatomy of model-based evaluation},
  author={Daw, Nathaniel D and Dayan, Peter},
  journal={Phil. Trans. R. Soc. B},
  volume={369},
  number={1655},
  pages={20130478},
  year={2014},
  publisher={The Royal Society}
}

@article{daw2005uncertainty,
  title={Uncertainty-based competition between prefrontal and dorsolateral striatal systems for behavioral control},
  author={Daw, Nathaniel D and Niv, Yael and Dayan, Peter},
  journal={Nature neuroscience},
  volume={8},
  number={12},
  pages={1704},
  year={2005},
  publisher={Nature Publishing Group}
}

@article{doya2002multiple,
  title={Multiple model-based reinforcement learning},
  author={Doya, Kenji and Samejima, Kazuyuki and Katagiri, Ken-ichi and Kawato, Mitsuo},
  journal={Neural computation},
  volume={14},
  number={6},
  pages={1347--1369},
  year={2002},
  publisher={MIT Press}
}

@article{gershman2017reinforcement,
  title={Reinforcement learning and episodic memory in humans and animals: an integrative framework},
  author={Gershman, Samuel J and Daw, Nathaniel D},
  journal={Annual review of psychology},
  volume={68},
  pages={101--128},
  year={2017},
  publisher={Annual Reviews}
}

@article{daw2011model,
  title={Model-based influences on humans' choices and striatal prediction errors},
  author={Daw, Nathaniel D and Gershman, Samuel J and Seymour, Ben and Dayan, Peter and Dolan, Raymond J},
  journal={Neuron},
  volume={69},
  number={6},
  pages={1204--1215},
  year={2011},
  publisher={Elsevier}
}

@article{botvinick2015reinforcement,
  title={Reinforcement learning, efficient coding, and the statistics of natural tasks},
  author={Botvinick, Matthew and Weinstein, Ari and Solway, Alec and Barto, Andrew},
  journal={Current Opinion in Behavioral Sciences},
  volume={5},
  pages={71--77},
  year={2015},
  publisher={Elsevier}
}

@article{botvinick2012hierarchical,
  title={Hierarchical reinforcement learning and decision making},
  author={Botvinick, Matthew Michael},
  journal={Current opinion in neurobiology},
  volume={22},
  number={6},
  pages={956--962},
  year={2012},
  publisher={Elsevier}
}